@article{1994_Berry,
  title={Estimating discrete-choice models of product differentiation},
  author={Berry, Steven T},
  journal={The RAND Journal of Economics},
  pages={242--262},
  year={1994},
  publisher={JSTOR}
}

@article{2001_Nevo,
  title={Measuring market power in the ready-to-eat cereal industry},
  author={Nevo, Aviv},
  journal={Econometrica},
  volume={69},
  number={2},
  pages={307--342},
  year={2001},
  publisher={Wiley Online Library}
}

@article{2009_Chen_Doraszelski_Harrington,
  title={Avoiding market dominance: Product compatibility in markets with network effects},
  author={Chen, Jiawei and Doraszelski, Ulrich and Harrington Jr, Joseph E},
  journal={The RAND Journal of Economics},
  volume={40},
  number={3},
  pages={455--485},
  year={2009},
  publisher={Wiley Online Library}
}

@article{1995_Erickson_Pakes_RES,
  title={Markov-perfect industry dynamics: A framework for empirical work},
  author={Ericson, Richard and Pakes, Ariel},
  journal={The Review of Economic Studies},
  volume={62},
  number={1},
  pages={53--82},
  year={1995},
  publisher={Oxford University Press}
}

@article{2006_Mitchell_Skrzypacz,
  title={Network externalities and long-run market shares},
  author={Mitchell, Matthew F and Skrzypacz, Andrzej},
  journal={Economic Theory},
  volume={29},
  number={3},
  pages={621--648},
  year={2006},
  publisher={Springer}
}

@article{2007_Doraszelski_Pakes,
  title={A framework for applied dynamic analysis in IO},
  author={Doraszelski, Ulrich and Pakes, Ariel},
  journal={Handbook of industrial organization},
  volume={3},
  pages={1887--1966},
  year={2007},
  publisher={Elsevier}
}

@article{2007_Doraszelski_Markovich,
  title={Advertising dynamics and competitive advantage},
  author={Doraszelski, Ulrich and Markovich, Sarit},
  journal={The RAND Journal of Economics},
  volume={38},
  number={3},
  pages={557--592},
  year={2007},
  publisher={Wiley Online Library}
}

@article{2015_Judd_Cai,
  title={Dynamic programming with Hermite approximation},
  author={Cai, Yongyang and Judd, Kenneth L},
  journal={Mathematical Methods of Operations Research},
  volume={81},
  number={3},
  pages={245--267},
  year={2015},
  publisher={Springer}
}

@misc{1992_Pakes_McGuire_NBER,
  title={Computing markov perfect nash equilibria: Numerical implications of a dynamic differentiated product model},
  author={Pakes, Ariel and McGuire, Paul},
  year={1992},
  publisher={National Bureau of Economic Research Cambridge, Mass., USA}
}

@article{2010_Doraszelski_Satterthwaite_RAND,
  title={Computable Markov-perfect industry dynamics},
  author={Doraszelski, Ulrich and Satterthwaite, Mark},
  journal={The RAND Journal of Economics},
  volume=41,
  number=2,
  pages={215--243},
  year=2010,
  publisher={Wiley Online Library}
}